@article{woo2017building,
  title={Building better biomarkers: brain models in translational neuroimaging},
  author={Woo, Choong-Wan and Chang, Luke J and Lindquist, Martin A and Wager, Tor D},
  journal={Nature neuroscience},
  volume={20},
  number={3},
  pages={365--377},
  year={2017},
  publisher={Nature Publishing Group}
}

@article{kent2018personalized,
  title={Personalized evidence based medicine: predictive approaches to heterogeneous treatment effects},
  author={Kent, David M and Steyerberg, Ewout and van Klaveren, David},
  journal={Bmj},
  volume={363},
  year={2018},
  publisher={British Medical Journal Publishing Group}
}

@article{eloyan2012automated,
  title={Automated diagnoses of attention deficit hyperactive disorder using magnetic resonance imaging},
  author={Eloyan, Ani and Muschelli, John and Nebel, Mary Beth and Liu, Han and Han, Fang and Zhao, Tuo and Barber, Anita D and Joel, Suresh and Pekar, James J and Mostofsky, Stewart H and others},
  journal={Frontiers in systems neuroscience},
  volume={6},
  pages={61},
  year={2012},
  publisher={Frontiers}
}

@article{spisak2014voxel,
  title={Voxel-wise motion artifacts in population-level whole-brain connectivity analysis of resting-state FMRI},
  author={Spisak, Tamas and Jakab, Andras and Kis, Sandor A and Opposits, Gabor and Aranyi, Csaba and Berenyi, Ervin and Emri, Miklos},
  journal={PloS one},
  volume={9},
  number={9},
  pages={e104947},
  year={2014},
  publisher={Public Library of Science San Francisco, USA}
}

@article{spisak2019optimal,
  title={Optimal choice of parameters in functional connectome-based predictive modelling might be biased by motion: comment on Dadi et al},
  author={Spisak, Tamas and Kincses, Balint and Bingel, Ulrike},
  journal={bioRxiv},
  pages={710731},
  year={2019},
  publisher={Cold Spring Harbor Laboratory}
}

@article{eldridge2014robust,
  title={Robust features for the automatic identification of autism spectrum disorder in children},
  author={Eldridge, Justin and Lane, Alison E and Belkin, Mikhail and Dennis, Simon},
  journal={Journal of neurodevelopmental disorders},
  volume={6},
  number={1},
  pages={1--12},
  year={2014},
  publisher={BioMed Central}
}

@article{he2020deep,
  title={Deep neural networks and kernel regression achieve comparable accuracies for functional connectivity prediction of behavior and demographics},
  author={He, Tong and Kong, Ru and Holmes, Avram J and Nguyen, Minh and Sabuncu, Mert R and Eickhoff, Simon B and Bzdok, Danilo and Feng, Jiashi and Yeo, BT Thomas},
  journal={NeuroImage},
  volume={206},
  pages={116276},
  year={2020},
  publisher={Elsevier}
}

@article{cole2012global,
  title={Global connectivity of prefrontal cortex predicts cognitive control and intelligence},
  author={Cole, Michael W and Yarkoni, Tal and Repov{\v{s}}, Grega and Anticevic, Alan and Braver, Todd S},
  journal={Journal of Neuroscience},
  volume={32},
  number={26},
  pages={8988--8999},
  year={2012},
  publisher={Soc Neuroscience}
}

@article{wang2012decoding,
  title={Decoding lifespan changes of the human brain using resting-state functional connectivity MRI},
  author={Wang, Lubin and Su, Longfei and Shen, Hui and Hu, Dewen},
  year={2012},
  publisher={Public Library of Science San Francisco, USA}
}

@article{kievit2018neural,
  title={The neural determinants of age-related changes in fluid intelligence: a pre-registered, longitudinal analysis in UK Biobank},
  author={Kievit, Rogier A and Fuhrmann, Delia and Borgeest, Gesa Sophia and Simpson-Kent, Ivan L and Henson, Richard NA},
  journal={Wellcome open research},
  volume={3},
  year={2018},
  publisher={The Wellcome Trust}
}

@article{leek2010tackling,
  title={Tackling the widespread and critical impact of batch effects in high-throughput data},
  author={Leek, Jeffrey T and Scharpf, Robert B and Bravo, H{\'e}ctor Corrada and Simcha, David and Langmead, Benjamin and Johnson, W Evan and Geman, Donald and Baggerly, Keith and Irizarry, Rafael A},
  journal={Nature Reviews Genetics},
  volume={11},
  number={10},
  pages={733--739},
  year={2010},
  publisher={Nature Publishing Group}
}

@article{rao2017predictive,
  title={Predictive modelling using neuroimaging data in the presence of confounds},
  author={Rao, Anil and Monteiro, Joao M and Mourao-Miranda, Janaina and Alzheimer's Disease Initiative and others},
  journal={NeuroImage},
  volume={150},
  pages={23--49},
  year={2017},
  publisher={Elsevier}
}

@article{dukart2011age,
  title={Age correction in dementia--matching to a healthy brain},
  author={Dukart, Juergen and Schroeter, Matthias L and Mueller, Karsten and Alzheimer's Disease Neuroimaging Initiative},
  journal={PloS one},
  volume={6},
  number={7},
  pages={e22193},
  year={2011},
  publisher={Public Library of Science San Francisco, USA}
}

@inproceedings{abdulkadir2014reduction,
  title={Reduction of confounding effects with voxel-wise Gaussian process regression in structural MRI},
  author={Abdulkadir, Ahmed and Ronneberger, Olaf and Tabrizi, Sarah J and Kl{\"o}ppel, Stefan},
  booktitle={2014 International Workshop on Pattern Recognition in Neuroimaging},
  pages={1--4},
  year={2014},
  organization={IEEE}
}

@article{da2020performance,
  title={Performance comparison of modified ComBat for harmonization of radiomic features for multicenter studies},
  author={Da-Ano, R and Masson, Ingrid and Lucia, Felix and Dor{\'e}, M and Robin, Patrice and Alfieri, J and Rousseau, C and Mervoyer, Augustin and Reinhold, C and Castelli, J and others},
  journal={Scientific Reports},
  volume={10},
  number={1},
  pages={1--12},
  year={2020},
  publisher={Nature Publishing Group}
}

@article{johnson2007adjusting,
  title={Adjusting batch effects in microarray expression data using empirical Bayes methods},
  author={Johnson, W Evan and Li, Cheng and Rabinovic, Ariel},
  journal={Biostatistics},
  volume={8},
  number={1},
  pages={118--127},
  year={2007},
  publisher={Oxford University Press}
}

@article{zhao2020training,
  title={Training confounder-free deep learning models for medical applications},
  author={Zhao, Qingyu and Adeli, Ehsan and Pohl, Kilian M},
  journal={Nature communications},
  volume={11},
  number={1},
  pages={1--9},
  year={2020},
  publisher={Nature Publishing Group}
}

@inproceedings{hognon2019standardization,
  title={Standardization of multicentric image datasets with generative adversarial networks},
  author={Hognon, Cl{\'e}ment and Tixier, Florent and Gallinato, Olivier and Colin, Thierry and Visvikis, Dimitris and Jaouen, Vincent},
  booktitle={IEEE Nuclear Science Symposium and Medical Imaging Conference 2019},
  year={2019}
}

@inproceedings{chaibub2019permutation,
  title={A permutation approach to assess confounding in machine learning applications for digital health},
  author={Neto, Chaibub Elias and Pratap, Abhishek and Perumal, Thanneer M and Tummalacherla, Meghasyam and Bot, Brian M and Mangravite, Lara and Omberg, Larsson},
  booktitle={Proceedings of the 25th ACM SIGKDD International Conference on Knowledge Discovery \& Data Mining},
  pages={54--64},
  year={2019}
}

@article{ferrari2020measuring,
  title={Measuring the effects of confounders in medical supervised classification problems: the Confounding Index (CI)},
  author={Ferrari, Elisa and Retico, Alessandra and Bacciu, Davide},
  journal={Artificial intelligence in medicine},
  volume={103},
  pages={101804},
  year={2020},
  publisher={Elsevier}
}

@article{wachinger2021detect,
  title={Detect and correct bias in multi-site neuroimaging datasets},
  author={Wachinger, Christian and Rieckmann, Anna and P{\"o}lsterl, Sebastian and Alzheimerâ€™s Disease Neuroimaging Initiative and others},
  journal={Medical Image Analysis},
  volume={67},
  pages={101879},
  year={2021},
  publisher={Elsevier}
}

@article{berrett2020conditional,
  title={The conditional permutation test for independence while controlling for confounders},
  author={Berrett, Thomas B and Wang, Yi and Barber, Rina Foygel and Samworth, Richard J},
  journal={Journal of the Royal Statistical Society: Series B (Statistical Methodology)},
  volume={82},
  number={1},
  pages={175--197},
  year={2020},
  publisher={Wiley Online Library}
}

@article{shah2020hardness,
  title={The hardness of conditional independence testing and the generalised covariance measure},
  author={Shah, Rajen D and Peters, Jonas},
  journal={The Annals of Statistics},
  volume={48},
  number={3},
  pages={1514--1538},
  year={2020},
  publisher={Institute of Mathematical Statistics}
}

@article{di2014autism,
  title={The autism brain imaging data exchange: towards a large-scale evaluation of the intrinsic brain architecture in autism},
  author={Di Martino, Adriana and Yan, Chao-Gan and Li, Qingyang and Denio, Erin and Castellanos, Francisco X and Alaerts, Kaat and Anderson, Jeffrey S and Assaf, Michal and Bookheimer, Susan Y and Dapretto, Mirella and others},
  journal={Molecular psychiatry},
  volume={19},
  number={6},
  pages={659--667},
  year={2014},
  publisher={Nature Publishing Group}
}
